@article{Elshamy-2015-TVLSI,
   author = {Elshamy, M. and Mostafa, H. and Ghallab, Y. H. and Said, M. S.},
   title = {A Novel Nondestructive Read/Write Circuit for Memristor-Based Memory Arrays},
   journal = {IEEE Trans. VLSI Systems},
   volume = {23},
   number = {11},
   pages = {2648-2656},
   ISSN = {1063-8210},
   DOI = {10.1109/TVLSI.2014.2377192},
   year = {2015},
   type = {Journal Article}
}
@article{Soell-2017-CTA,
   author = {Soell, Christopher and Reichenbach, Marc and Roeber, Juergen and Hagelauer, Amelie and Weigel, Robert and Fey, Dietmar},
   title = {Case study on memristor-based multilevel memories},
   journal = {Int. J. of Circuit Theory and Applications},
   pages = {n/a-n/a},
   ISSN = {1097-007X},
   DOI = {10.1002/cta.2379},
   url = {http://dx.doi.org/10.1002/cta.2379},
   year = {2017},
   type = {Journal Article}
}

@inproceedings{Zhou-2006-ISVLSI, 
	author={Jun Zhou and D. Kinniment and G. Russell and A. Yakovlev}, 
	booktitle={IEEE Computer Society Annual Symposium on VLSI~(ISVLSI)}, 
	title={A robust synchronizer}, 
	year={2006}, 
	volume={}, 
	number={}, 
	pages={2 pp.-}, 
	DOI={10.1109/ISVLSI.2006.12}, 
	ISSN={2159-3469}, 
	month={March},
}

@article {Vourkas-2015-CTA,
	author = {Vourkas, Ioannis and Batsos, Athanasios and Sirakoulis, Georgios Ch.},
	title = {SPICE modeling of nonlinear memristive behavior},
	journal = {Int. J. of Circuit Theory and Applications},
	volume = {43},
	number = {5},
	ISSN = {1097-007X},
	DOI = {10.1002/cta.1957},
	pages = {553--565},
	year = {2015},
}

@article{Joglekar-2009-EJP,
  author={Yogesh N Joglekar and Stephen J Wolf},
  title={The elusive memristor: properties of basic electrical circuits},
  journal={European J. Physics},
  volume={30},
  number={4},
  pages={661},
  year={2009},
}

@article{Corinto-2012-TCSI,
   author = {Corinto, F. and Ascoli, A.},
   title = {A Boundary Condition-Based Approach to the Modeling of Memristor Nanostructures},
   journal = {IEEE Trans. Circuits and Systems I: Regular Papers},
   volume = {59},
   number = {11},
   pages = {2713-2726},
   ISSN = {1549-8328},
   DOI = {10.1109/TCSI.2012.2190563},
   year = {2012},
}

@inproceedings{Lehtonen-2010-CNNA,
   author = {Lehtonen, E. and Laiho, M.},
   title = {CNN using memristors for neighborhood connections},
   booktitle = {Int. Workshop on Cellular Nanoscale Networks and their Applications~(CNNA)},
   pages = {1-4},
   ISBN = {2165-0144},
   DOI = {10.1109/CNNA.2010.5430304},
   year={2010},
}

@inproceedings{Li-2015-ISCAS,
   author = {Li, Q. and Xu, H. and Khiat, A. and Sun, Z. and Prodromakis, T.},
   title = {Impact of active areas on electrical characteristics of TiO$_2$ based solid-state memristors},
   booktitle = {IEEE Int. Sym. Circuits and Systems (ISCAS)},
   pages = {185-188},
   ISBN = {0271-4302},
   DOI = {10.1109/ISCAS.2015.7168601},
   year = {2015},
}

@article{Merced-2016-Nano,
   author = {Merced-Grafals, E. J. and Davila, N. and Ge, N. and Williams, R. S. and Strachan, J. P.},
   title = {Repeatable, accurate, and high speed multi-level programming of memristor 1T1R arrays for power efficient analog computing applications},
   journal = {Nanotechnology},
   volume = {27},
   number = {36},
   pages = {365202},
   ISSN = {0957-4484},
   DOI = {10.1088/0957-4484/27/36/365202},
   year = {2016},
}

@article{Yilmaz-2017-TNano,
   author = {Yilmaz, Y. and Mazumder, P.},
   title = {A Drift-Tolerant Read/Write Scheme for Multi-Level Memristor Memory},
   journal = {IEEE Trans. Nanotechnology},
   volume = {PP},
   number = {99},
   pages = {1-1},
   ISSN = {1536-125X},
   DOI = {10.1109/TNANO.2017.2741504},
   year = {2017},
}

@inproceedings{Emara-2014-CEEC,
   author = {Emara, A. and Ghoneima, M. and El-Dessouky, M.},
   title = {Differential 1T2M memristor memory cell for single/multi-bit RRAM modules},
   booktitle = {Computer Science and Electronic Engineering Conference~(CEEC)},
   pages = {69-72},
   DOI = {10.1109/CEEC.2014.6958557},
   year = {2014},
}

@article{Wang-2017-TCAD,
   author = {Wang, X. and Li, S. and Liu, H. and Zeng, Z.},
   title = {A Compact Scheme of Reading and Writing for Memristor-Based Multi-Valued Memory},
   journal = {IEEE Trans. Computer-Aided Design of Integrated Circuits and Systems},
   volume = {PP},
   number = {99},
   pages = {1-1},
   ISSN = {0278-0070},
   DOI = {10.1109/TCAD.2017.2753199},
   year = {2017},
}

@inproceedings{Manem-2011-ISCAS,
   author = {Manem, H. and Rose, G. S.},
   title = {A read-monitored write circuit for 1T1M multi-level memristor memories},
   booktitle = {IEEE Int. Sym. Circuits and Systems~(ISCAS)},
   pages = {2938-2941},
   ISBN = {0271-4302},
   DOI = {10.1109/ISCAS.2011.5938207},
   year = {2011},
}

@inproceedings{Yilmaz-2011-ISED,
   author = {Yilmaz, Y. and Mazumder, P.},
   title = {Threshold Read Method for Multi-bit Memristive Crossbar Memory},
   booktitle = {Int. Sym. Electronic System Design},
   pages = {217-222},
   DOI = {10.1109/ISED.2011.68},
   year = {2011},   
}

@article{Berdan-2012-ELetters,
   author = {Berdan, R. and Prodromakis, T. and Toumazou, C.},
   title = {High precision analogue memristor state tuning},
   journal = {Electronics Letters},
   volume = {48},
   number = {18},
   pages = {1105-1107},
   ISSN = {0013-5194},
   DOI = {10.1049/el.2012.2295},
   year = {2012},
}

@inproceedings{Olumodeji-2017-ISCAS,
   author = {Olumodeji, O. A. and Gottardi, M.},
   title = {A pulse-based memristor programming circuit},
   booktitle = {IEEE Int. Sym. Circuits and Systems~(ISCAS)},
   pages = {1-4},
   DOI = {10.1109/ISCAS.2017.8050793},
   year = {2017},   
}

@inproceedings{Vourkas-2017-LASCAS,
   author = {Vourkas, I. and Gomez, J. and A, Abusleme and Vasileiadis, N. and Sirakoulis, G. C. and Rubio, A},
   title = {Exploring the voltage divider approach for accurate memristor state tuning},
   booktitle = {Latin American Sym. Circuits \& Systems~(LASCAS)},
   pages = {1-4},
   DOI = {10.1109/LASCAS.2017.7948043},
   year = {2017},   
}

@inproceedings{Bunnam-2017-PATMOS,
   author = {Bunnam, T. and Soltan, A. and Sokolov, D. and Yakovlev, A},
   title = {Pulse Controlled Memristor-based Delay Element},
   booktitle = {Int. Workshop on Power and Timing Modeling, Optimization and Simulation~(PATMOS)},
   year = {2017},
}

@inproceedings{Jiang-2014-SISPAD,
   author = {Jiang, Z. and Yu, S. and Wu, Y. and Engel, J. H. and Guan, X. and Wong, H. S. P.},
   title = {Verilog-A compact model for oxide-based resistive random access memory (RRAM)},
   booktitle = {Simulation of Semiconductor Processes and Devices~(SISPAD)},
   pages = {41-44},
   year = {2014},
   ISBN = {1946-1569},
   DOI = {10.1109/SISPAD.2014.6931558},
}

@inproceedings{Tschanz-2009-VLSI,
   author = {Tschanz, J. and Bowman, K. and Walstra, S. and Agostinelli, M. and Karnik, T. and De, V.},
   title = {Tunable replica circuits and adaptive voltage-frequency techniques for dynamic voltage, temperature, and aging variation tolerance},
   booktitle = {Symposium on VLSI Circuits},
   pages = {112-113},
   year = {2009},
   ISBN = {2158-5601},
}

@article{Jen-1999-TCAS,
   author = {Jen-Shiun, Chiang and Kuang-Yuan, Chen},
   title = {The design of an all-digital phase-locked loop with small DCO hardware and fast phase lock},
   journal = {IEEE Trans. Circuits and Systems II: Analog and Digital Signal Processing},
   volume = {46},
   number = {7},
   pages = {945-950},
   year = {1999},
   ISSN = {1057-7130},
   DOI = {10.1109/82.775392},
}

@inproceedings{Cortese-2016-VLSITSA, 
   author={S. Cortese and M. Trapatseli and A. Khiat and T. Prodromakis}, 
   title={A TiO2-based volatile threshold switching selector device with 107 non linearity and sub 100 pA Off current}, 
   booktitle={Int. Sym. VLSI Technology, Systems and Application~(VLSI-TSA)}, 
   year={2016}, 
   pages={1-2},  
   doi={10.1109/VLSI-TSA.2016.7480484}, 
}

@article{Takahashi-2004-JSSC,
   author = {Takahashi, E. and Kasai, Y. and Murakawa, M. and Higuchi, T.},
   title = {Post-fabrication clock-timing adjustment using genetic algorithms},
   journal = {IEEE Journal of Solid-State Circuits},
   volume = {39},
   number = {4},
   pages = {643-650},
   year = {2004},
   ISSN = {0018-9200},
   DOI = {10.1109/JSSC.2004.824706},
}

@inproceedings{Mashiko-2016-APCCAS,
   author = {Mashiko, H. and Kohira, Y.},
   title = {Yield and power improvement method by post-silicon delay tuning and technology mapping},
   booktitle = {IEEE Asia Pacific Conference on Circuits and Systems (APCCAS)},
   pages = {366-369},
   year = {2016},
   DOI = {10.1109/APCCAS.2016.7803977},
}

@article{ITRS-2015,
   title = {International Technology Roadmap for Semiconductors 2015 Edition},
   url = {http://www.itrs2.net/itrs-reports.html},
   year = {2015},
}

@article{Yang-2013-Nature,
   author = {Yang, J. Joshua and Strukov, Dmitri B. and Stewart, Duncan R.},
   title = {Memristive devices for computing},
   journal = {Nat Nano},
   volume = {8},
   number = {1},
   pages = {13-24},
   year = {2013},
   ISSN = {1748-3387},
   DOI = {http://www.nature.com/nnano/journal/v8/n1/abs/nnano.2012.240.html#supplementary-information},
}

@inproceedings{Pouyan-2015-DTIS,
   author = {Pouyan, P. and Amat, E. and Rubio, A.},
   title = {Statistical lifetime analysis of memristive crossbar matrix},
   booktitle = {Design \& Technology of Integrated Systems in Nanoscale Era~(DTIS)},
   pages = {1-6},
   year = {2015},
   DOI = {10.1109/DTIS.2015.7127378},
}

@book{Tetzlaff-2014-Springer,
   author = {Tetzlaff, Ronald},
   title = {Memristors and memristive systems},
   publisher = {Springer},
   year = {2014},
}

@inproceedings{Singh-2016-ICEIC,
   author = {Singh, S. and Prasad, P. W. C. and Alsadoon, A. and Beg, A. and Pham, L. and Elchouemi, A.},
   title = {Survey on memrister models},
   booktitle = {Int. Conf. Electronics, Information, and Communications~(ICEIC)},
   pages = {1-7},
   year = {2016},
   DOI = {10.1109/ELINFOCOM.2016.7563017},
}

@article{Sacchetto-2013-MCAS,
   author = {Sacchetto, D. and Gaillardon, P. E. and Zervas, M. and Carrara, S. and Micheli, G. De and Leblebici, Y.},
   title = {Applications of Multi-Terminal Memristive Devices: A Review},
   journal = {IEEE Circuits and Systems Magazine},
   volume = {13},
   number = {2},
   pages = {23-41},
   year = {2013},
   ISSN = {1531-636X},
   DOI = {10.1109/MCAS.2013.2256258},
}

@article{Kvatinsky-2014-TCSII,
   author = {Kvatinsky, S. and Belousov, D. and Liman, S. and Satat, G. and Wald, N. and Friedman, E. G. and Kolodny, A. and Weiser, U. C.},
   title = {MAGIC-Memristor-Aided Logic},
   journal = {IEEE Trans. Circuits and Systems II: Express Briefs},
   volume = {61},
   number = {11},
   pages = {895-899},
   year = {2014},
   ISSN = {1549-7747},
   DOI = {10.1109/TCSII.2014.2357292},
}

@article{Kvatinsky-2015-TCSII,
   author = {Kvatinsky, S. and Ramadan, M. and Friedman, E. G. and Kolodny, A.},
   title = {VTEAM: A General Model for Voltage-Controlled Memristors},
   journal = {IEEE Trans. Circuits and Systems II: Express Briefs},
   volume = {62},
   number = {8},
   pages = {786-790},
   year = {2015},
   ISSN = {1549-7747},
   DOI = {10.1109/TCSII.2015.2433536},
}

@inproceedings{Zhang-2014-ICSICT,
   author = {Zhang, X. and Ma, Z. and Yu, J. and Xie, L.},
   title = {Memristor-based programmable delay element},
   booktitle = {IEEE Int. Conf. Solid-State and Integrated Circuit Technology (ICSICT)},
   pages = {1-3},
   year = {2014},
   DOI = {10.1109/ICSICT.2014.7021414},
}

@inproceedings{Mokhtar-2013-RSM,
   author = {Mokhtar, S. M. A. B. and Abdullah, W. F. H. W.},
   title = {Memristor based delay element using current starved inverter},
   booktitle = {IEEE Regional Symposium on Micro and Nanoelectronics~(RSM)},
   pages = {81-84},
   year = {2013},
   DOI = {10.1109/RSM.2013.6706478},
}

@inproceedings{Seraj-2015-ISVLSI,
   author = {Seraj, A. and Maymandi-Nejad, M. and Bahmanyar, P. and Sachdev, M.},
   title = {A Linear Comparator-Based Fully Digital Delay Element},
   booktitle = {IEEE Computer Society Annual Symposium on VLSI~(ISVLSI)},
   pages = {652-655},
   year = {2015},
   ISBN = {2159-3469},
   DOI = {10.1109/ISVLSI.2015.109},
}

@article{Maymandi-Nejad-2005-JSSC,
   author = {Maymandi-Nejad, M. and Sachdev, M.},
   title = {A monotonic digitally controlled delay element},
   journal = {IEEE Journal of Solid-State Circuits},
   volume = {40},
   number = {11},
   pages = {2212-2219},
   year = {2005},
   ISSN = {0018-9200},
   DOI = {10.1109/JSSC.2005.857370},
}

@inproceedings{Hand-2015-ASYNC,
   author = {Hand, D. and Moreira, M. T. and Huang, H. H. and Chen, D. and Butzke, F. and Li, Z. and Gibiluka, M. and Breuer, M. and Calazans, N. L. V. and Beerel, P. A.},
   title = {Blade -- A Timing Violation Resilient Asynchronous Template},
   booktitle = {IEEE Int. Sym. Asynchronous Circuits and Systems~(ASYNC)},
   pages = {21-28},
   year = {2015},
   ISBN = {1522-8681},
   DOI = {10.1109/ASYNC.2015.13},
}

@inproceedings{Gu-2015-ISCAS,
   author = {Gu, J. and Li, J.},
   title = {Exploration of self-healing circuits for timing resilient design using emerging memristor devices},
   booktitle = {IEEE Int. Sym. Circuits and Systems~(ISCAS)},
   pages = {1458-1461},
   year = {2015},
   ISBN = {0271-4302},
   DOI = {10.1109/ISCAS.2015.7168919},
}

@article{Vourkas-2016-MCAS,
   author = {Vourkas, I. and Sirakoulis, G. C.},
   title = {Emerging Memristor-Based Logic Circuit Design Approaches: A Review},
   journal = {IEEE Circuits and Systems Magazine},
   volume = {16},
   number = {3},
   pages = {15-30},
   year = {2016},
   ISSN = {1531-636X},
   DOI = {10.1109/MCAS.2016.2583673},
}

@book{Vourkas-2016-Springer,
   author = {Vourkas, Ioannis},
   title = {Memristor-based nanoelectronic computing circuits and architectures},
   publisher = {Springer},
   year = {2016},
}

@article{Chua-1971-TCT,
   author = {Chua, L.},
   title = {Memristor-The missing circuit element},
   journal = {IEEE Trans. Circuit Theory},
   volume = {18},
   number = {5},
   pages = {507-519},
   year = {1971},
   ISSN = {0018-9324},
   DOI = {10.1109/TCT.1971.1083337},
}

@article{Strukov-2008-Nature,
   author = {Strukov, Dmitri B. and Snider, Gregory S. and Stewart, Duncan R. and Williams, R. Stanley},
   title = {The missing memristor found},
   journal = {Nature},
   volume = {453},
   number = {7191},
   pages = {80-83},
   year = {2008},
   ISSN = {0028-0836},
}
@phdthesis{Chu-1987-PhD,
  author = {Chu, Tam{-}Anh},
  title = {Synthesis of self-timed {VLSI} circuits from graph-theoretic specifications},
  school = {Massachusetts Institute of Technology, Cambridge, MA, {USA}},
  year = {1987},
}

@inproceedings{Muller-1959-ts,
  author = {Muller, David E. and Bartky, W. S.},
  title = {A Theory of Asynchronous Circuits},
  booktitle = {Proceedings of an International Symposium on the Theory of Switching},
  publisher = {Harvard University Press},
  pages = {204--243},
  year = 1959.
}

@techreport{Khomenko-2009-TR-MPSat,
  author = {Khomenko, V.},
  title = {A usable reachability analyser},
  institution = {Newcastle University},
  year = {2009},
}

@article{Cortadella-1997-Petrify,
  title = {Petrify: a tool for manipulating concurrent specifications and synthesis of asynchronous controllers},
  author = {Cortadella, J. and Kishinevsky, M. and Kondratyev, A. and Lavagno, L. and Yakovlev, A.},
  journal = {IEICE Transactions on information and Systems},
  volume = {80},
  number = {3},
  pages = {315--325},
  year = {1997},
}

@incollection{Sokolov-2016-book-Workcraft,
  author = {Sokolov, D. and Khomenko, V. and Mokhov, A.},
  title = {Workcraft: Ten years later},
  booktitle = {This asynchronous world. Essays dedicated to {A}lex {Y}akovlev on the occasion of his 60th birthday},
  editor = {Mokhov, A.},
  year = {2016},
  page = {269--293},
  publisher = {Newcastle University},
  note = {Available online \url{http://async.org.uk/ay-festschrift/paper25-Alex-Festschrift.pdf}},
}

